@article{Allport:1992:OND,
	abstract = {{\TeX} is a well-known system for the production of
                 quality documents, offering the user a high degree of
                 sophistication in the specification of the final
                 format. It has companion packages (most notably
                 {\LaTeX}) which allow other document processing
                 activities, including the production of new fonts,
                 pictures and extended production systems. The project
                 discussed was aimed at rescuing the full power of
                 {\TeX} packages in the newly emerging X-Windows
                 technological context. The authors describe software
                 which was produced to take full advantage of the
                 facilities of both systems by translating {\TeX} output
                 into bit-mapped images which can then be displayed on
                 an X-terminal and mixed with such facilities as the
                 extra fonts available and bit-maps produced in the
                 X-environment. An interactive environment is defined
                 that gives the user flexibility in the creation of a
                 document of high quality with a friendly human-computer
                 interface, which allows the windowing environment to
                 give a new look to an old and well-tried system. (4
                 Refs.)},
	acknowledgement = ack-nhfb,
	affiliation = {Sch. of Comput. Sci., Birmingham Univ., UK},
	author = {G. Allport and P. Jarratt},
	bibdate = {Thu Sep 01 01:19:02 1994},
	bibsource = {http://www.math.utah.edu/pub/tex/bib/texbook3.bib},
	classification = {C6130D (Document processing techniques); C6180G (Graphical user interfaces); C7106 (Word processing)},
	coden = {ELLIDZ},
	fjournal = {Electronic Library},
	issn = {0264-0473},
	issn-l = {0264-0473},
	journal = j-ELECTRONIC-LIBRARY,
	keywords = {Bit-mapped images; Document processing; Fonts; Human-computer interface; Interactive environment; LaTeX; TeX; X-terminal; X-Windows},
	month = feb,
	number = {1},
	pages = {41--45},
	thesaurus = {Character sets; Graphical user interfaces; Interactive systems; Word processing},
	title = {The old and the new in document processing},
	volume = {10},
	year = {1992}}

@article{kimuycwung_hankwukphan_2003,
	abstract = {{POMS의} 우수한 효용성을 국내에서도 활용하기 위해 K-{POMS를} 제작하여 그 신뢰도와 타당도를 점검하였고 만족할 만한 수준의 신뢰도와 타당도를 확보하였다. K-{POMS의} 요인 특성은 {POMS와} 비교하여 놀랄 만큼 유사한 특징을 보여준다. 단지 혼란-당황의 요소가 확실하지 않고 그 항목들이 여러 감정 요인에 나뉘어 부하되는 요인 분석 결과는 한국인의 정서와 그 표현이 영어권과 다를 가능성을 시사한다. 임상적으로 다양한 집단과 다양한 연령에 대한 자료를 보완하면 정신측정학적으로 훨씬 용이하게 사용할 수 있을 것이다. 나아가 이 연구에 나타난 제한점을 넘어서 한국인의 정서에 맞는 척도 항목을 개발하고 이 연구에서 나타난 '무기력과 불확실성' 요인이 일관성 있는 특성인지를 확인하는 작업이 필요할 것으로 생각한다.},
	author = {{김의중} and {이상익} and {정도언} and {신민섭} and {윤인영}},
	date-modified = {2023-08-10 11:16:35 +0900},
	journal = {수면·정신생리},
	keywords = {kobib,POMS},
	number = {1},
	pages = {39--51},
	title = {한국판 기분상태척도(K-{POMS})의 표준화와 신뢰도와 타당도 평가},
	volume = {10},
	year = {2003}}


@article{Smith2021,
  title={흥미로운 제목},
  author={Smith, John},
  journal={어떤 저널},
  year={2021},
}

@book{xie2020r,
  title={R markdown cookbook},
  author={Xie, Yihui and Dervieux, Christophe and Riederer, Emily},
  year={2020},
  publisher={CRC Press}
}

@online{oliver2023internationalization,
  author  = {Carol Oliver},
  title   = {Internationalization Part I: Unicode and Character Encodings},
  year    = {2017},
  url     = {https://slideplayer.com/slide/7684069/},
  note    = {Accessed: yyyy-mm-dd}
}

@online{unicode2010,
  author = {Mark Davis},
  title = {Unicode nearing 50% of the web},
  year = 2010,
  url = {https://googleblog.blogspot.com/2010/01/unicode-nearing-50-of-web.html},
  urldate = {2010-01-28}
}


@online{KCI2009,
    author = {국가기술표준원},
    title = {책의 명칭 및 편집 일반 용어},
    year = {2009},
    month = {12},
    day = {28},
    url = {https://www.standard.go.kr/KSCI/standardIntro/getStandardSearchView.do?menuId=919&topMenuId=502&upperMenuId=503&ksNo=KSX0003&tmprKsNo=KSX0003&reformNo=03},
    note = {KS X 0003}
}


@online{hyde2021single,
  author    = {Adam Hyde},
  title     = {Single Source Publishing - A investigation of what Single Source Publishing is and how this 'holy grail' can be achieved},
  year      = {2021},
  month     = {8},
  day       = {16},
  url       = {https://coko.foundation/articles/single-source-publishing.html},
  note      = {2022-08-10}
}


@book{kim2017tex,
  title={교육 현장에서의 텍의 활용},
  author={김영록},
  year={2017},
  publisher={TeX: 조판, 그 이상의 가능성}
}

@book{lee2017latex,
  title={레이텍을 빨리 쓸 수 있는 방법},
  author={이호재},
  year={2017},
  publisher={TeX: 조판, 그 이상의 가능성}
}

@book{rstat,
  author = {유충현, 이상호},
  title = {R을 이용한 통계학 이해},
  year = {2013},
  publisher = {자유아카데미}
}

@misc{quarto,
  author = {posit},
  title = {Welcome to Quarto},
  howpublished = {\url{https://quarto.org/}},
  note = {Accessed: 2023-05-15}
}

@misc{extensions,
  author = {posit},
  title = {Creating Extensions},
  howpublished = {\url{https://quarto.org/docs/extensions/creating.html}},
  note = {Accessed: 2023-05-15}
}

@misc{quartoarch,
  author = {Allison Horst},
  title = {ÇETINKAYA-RUNDEL \& LOWNDES QUARTO KEYNOTE},
  howpublished = {\url{https://allisonhorst.com/cetinkaya-rundel-lowndes-quarto-keynote}},
  note = {Accessed: 2023-05-17}
}

@misc{float,
  author = {미니도넛},
  title = {이미지 특정 위치에 고정하기},
  howpublished = {\url{https://forestunit.tistory.com/117}},
  note = {Accessed: 2023-05-20}
}

@misc{rmcook,
  author = {Yihui Xie, Christophe Dervieux, Emily Riederer},
  title = {R Markdown Cookbook},
  year = {2022},
  howpublished = {\url{https://bookdown.org/yihui/rmarkdown-cookbook/custom-blocks.html}},
  note = {Accessed: 2023-05-29}
}

@misc{layout,
  author = {Math 600},
  title = {Placing and Spacing},
  howpublished = {\url{http://cemc1.uwaterloo.ca/~math600/wp/wp-content/uploads/2012/09/layout.png}},
  note = {Accessed: 2023-05-16}
}

@misc{geometry,
  author = {Jonas Devlieghere},
  title = {Packages I Wish I Knew When Starting LaTeX},
  howpublished = {\url{https://jonasdevlieghere.com/content/images/2015/06/geometry.png}},
  note = {Accessed: 2023-05-16}
}

@misc{geometry-1,
  author = {Math 600},
  title = {CTEX - 在线文档 - TeX/LaTeX 常用宏包},
  howpublished = {\url{https://ctex.org/documents/packages/images/geometry-1.gif}},
  note = {Accessed: 2023-05-16}
}

@article{kim2007,
  author = {김강수},
  title = {한글 라텍에서 조사 이형태 교체의 자동화에 관하여},
  year = {2007},
  issue_date = {October 2007},
  publisher = {한글텍사용자그룹},
  address = {Korea},
  volume = {1},
  number = {2},
  url = {http://ajt.ktug.org/2007/0102karnes.pdf},
  journal = {The Asian Journal of TEX},
  pages = {153–166},
  numpages = {14}
}

@article{knuth84,
  author = {Knuth, Donald E.},
  title = {Literate Programming},
  year = {1984},
  issue_date = {May 1984},
  publisher = {Oxford University Press, Inc.},
  address = {USA},
  volume = {27},
  number = {2},
  issn = {0010-4620},
  url = {https://doi.org/10.1093/comjnl/27.2.97},
  doi = {10.1093/comjnl/27.2.97},
  journal = {Comput. J.},
  month = may,
  pages = {97–111},
  numpages = {15}
}

