@article{gohos2010,
author = {Ghosh, Debashis and Dube, Tulika and Adamane, Shivaprasad},
year = {2010},
month = {12},
pages = {2142-61},
title = {Script Recognition-A Review},
volume = {32},
journal = {IEEE transactions on pattern analysis and machine intelligence},
doi = {10.1109/TPAMI.2010.30}
}

@article{kangsoo2011,
  title={클래스 oblivoir와 책 만들기},
  author={김강수},
  journal={The Asian Journal of TEX},
  volume={5},
  number={1},
  pages={},
  year={2011},
  month={June},
  note={KTS, THE KOREAN TEX SOCIETY SINCE 2007, Article revision 2011/6/1},
  url={http://ajt.ktug.org/2011/0501karnes.pdf},
  email={karnes@ktug.or.kr}
}


@article{van1994tex,
  title={What is TEX and Metafont all about?},
  author={van der Laan, Kees},
  year={1994}
}

@book{spivak1990joy,
  title={The Joy of$\backslash$TeX $\{$$\}$, a Gourmet Guide to Typesetting with the$\backslash$AmSTeX $\{$$\}$ Macro Package: A Gourmet Guide to Typesetting with the AMS-TEX Macro Package},
  author={Spivak, Michael},
  year={1990},
  publisher={American Mathematical Soc.}
}


@book{xie2020r,
  title={R markdown cookbook},
  author={Xie, Yihui and Dervieux, Christophe and Riederer, Emily},
  year={2020},
  publisher={CRC Press}
}

@online{oliver2023internationalization,
  author  = {Carol Oliver},
  title   = {Internationalization Part I: Unicode and Character Encodings},
  year    = {2017},
  url     = {https://slideplayer.com/slide/7684069/},
  note    = {Accessed: 2023-09-01}
}

@online{unicode2010,
  author = {Mark Davis},
  title = {Unicode nearing 50\% of the web},
  year = {2010},
  url = {https://googleblog.blogspot.com/2010/01/unicode-nearing-50-of-web.html},
  note = {Accessed: 2010-01-28}
}


@online{KCI2009,
    author = {국가기술표준원},
    title = {책의 명칭 및 편집 일반 용어},
    year = {2009},
    month = {12},
    day = {28},
    url = {https://www.standard.go.kr/KSCI/standardIntro/getStandardSearchView.do?menuId=919&topMenuId=502&upperMenuId=503&ksNo=KSX0003&tmprKsNo=KSX0003&reformNo=03},
    note = {KS X 0003}
}


@online{hyde2021single,
  author    = {Adam Hyde},
  title     = {Single Source Publishing - A investigation of what Single Source Publishing is and how this 'holy grail' can be achieved},
  year      = {2021},
  month     = {8},
  day       = {16},
  url       = {https://coko.foundation/articles/single-source-publishing.html},
  note      = {2022-08-10}
}

@book{kim2017tex,
  title={교육 현장에서의 텍의 활용},
  author={김영록},
  year={2017},
  publisher={TeX: 조판, 그 이상의 가능성}
}

@book{lee2017latex,
  title={레이텍을 빨리 쓸 수 있는 방법},
  author={이호재},
  year={2017},
  publisher={TeX: 조판, 그 이상의 가능성}
}

@book{rstat,
  author = {유충현, 이상호},
  title = {R을 이용한 통계학 이해},
  year = {2013},
  publisher = {자유아카데미}
}

@misc{quarto,
  author = {posit},
  title = {Welcome to Quarto},
  howpublished = {\url{https://quarto.org/}},
  note = {Accessed: 2023-05-15}
}

@misc{extensions,
  author = {posit},
  title = {Creating Extensions},
  howpublished = {\url{https://quarto.org/docs/extensions/creating.html}},
  note = {Accessed: 2023-05-15}
}

@misc{quartoarch,
  author = {Allison Horst},
  title = {ÇETINKAYA-RUNDEL \& LOWNDES QUARTO KEYNOTE},
  howpublished = {\url{https://allisonhorst.com/cetinkaya-rundel-lowndes-quarto-keynote}},
  note = {Accessed: 2023-05-17}
}

@misc{rmcook,
  author = {Yihui Xie, Christophe Dervieux, Emily Riederer},
  title = {R Markdown Cookbook},
  year = {2022},
  howpublished = {\url{https://bookdown.org/yihui/rmarkdown-cookbook/custom-blocks.html}},
  note = {Accessed: 2023-05-29}
}


@misc{geometry,
  author = {Jonas Devlieghere},
  title = {Packages I Wish I Knew When Starting LaTeX},
  howpublished = {\url{https://jonasdevlieghere.com/content/images/2015/06/geometry.png}},
  note = {Accessed: 2023-05-16}
}


@article{kim2007,
  author = {김강수},
  title = {한글 라텍에서 조사 이형태 교체의 자동화에 관하여},
  year = {2007},
  issue_date = {October 2007},
  publisher = {한글텍사용자그룹},
  address = {Korea},
  volume = {1},
  number = {2},
  url = {http://ajt.ktug.org/2007/0102karnes.pdf},
  journal = {The Asian Journal of TEX},
  pages = {153–166},
  numpages = {14}
}

@article{knuth84,
  author = {Knuth, Donald E.},
  title = {Literate Programming},
  year = {1984},
  issue_date = {May 1984},
  publisher = {Oxford University Press, Inc.},
  address = {USA},
  volume = {27},
  number = {2},
  issn = {0010-4620},
  url = {https://doi.org/10.1093/comjnl/27.2.97},
  doi = {10.1093/comjnl/27.2.97},
  journal = {Comput. J.},
  month = may,
  pages = {97–111},
  numpages = {15}
}

